{1:F01BIMEMXMMXXXX0000000000}{2:I940MIDLGB22XABCN}{4:
:20:EC2021080400216
:25:4053879706
:28C:00216/00001
:60F:C210803MXN000000264505,15
:61:2108030803D000000002323,02NTRF0000225924//5209
0000520900001161530
:86:CGO SPEI 0308221
:61:2108030803D000000006417,12NTRF0000225923//5209
0000520900002161530
:86:CGO SPEI 0308221
:61:2108030803D000000026029,98NTRF0000225925//5209
0000520900003161530
:86:CGO SPEI 0308221
:61:2108030803D000000037741,76NTRF0000225926//5209
0000520900004161530
:86:CGO SPEI 0308221
:61:2108030803D000000019609,98NTRF0000225927//5209
0000520900005161530
:86:CGO SPEI 0308221
:61:2108030803D000000033564,60NTRF0000225928//5209
0000520900006161530
:86:CGO SPEI 0308221
:61:2108030803D000000031320,00NTRFA2000 09004//5629
0000562900007161530
:86:TRANSF SOL X HSBCNET 10584
:62M:C210803MXN000000107498,69
:64:C210803MXN000000107498,69
-} 
{1:F01BIMEMXMMXXXX0000000000}{2:I940MIDLGB22XABCN}{4:
:20:EC2021080400216
:25:4053879706
:28C:00216/00002
:60M:C210803MXN000000107498,69
:61:2108030803D000000000754,00NTRF0000225929//5209
0000520900008161530
:86:CGO SPEI 0308221
:61:2108030803D000000000450,00NTRF0000225930//5209
0000520900009161530
:86:CGO SPEI 0308221
:61:2108030803D000000028350,40NTRFA2000 09004//5629
0000562900010161530
:86:TRANSF SOL X HSBCNET 10583
:61:2108030803D000000002500,00NTRF0000225932//5209
0000520900011161530
:86:CGO SPEI 0308221
:61:2108030803D000000006916,15NTRFA2000 09004//5629
0000562900012161530
:86:TRANSF SOL X HSBCNET 10586
:61:2108030803D000000001930,80NTRF0000225933//5209
0000520900013161530
:86:CGO SPEI 0308221
:61:2108030803D000000008697,48NTRF0000225934//5209
0000520900014161530
:86:CGO SPEI 0308221
:62M:C210803MXN000000057899,86
:64:C210803MXN000000057899,86
-} 
{1:F01BIMEMXMMXXXX0000000000}{2:I940MIDLGB22XABCN}{4:
:20:EC2021080400216
:25:4053879706
:28C:00216/00003
:60M:C210803MXN000000057899,86
:61:2108030803D000000029032,88NTRFA2000 09004//5629
0000562900015161530
:86:TRANSF SOL X HSBCNET 10585
:61:2108030803D000000000004,50NCOM1080301119003702//1661
0000166100016223651
:86:OTRAS CUENTAS HSBC, MEX 10584
:61:2108030803D000000000000,72NMSCI GEN12108030000//1501
0000150100017223651
:86:I.V.A.
:61:2108030803D000000000004,50NCOM1080301119003702//1661
0000166100018223651
:86:OTRAS CUENTAS HSBC, MEX 10585
:61:2108030803D000000000000,72NMSCI GEN12108030000//1501
0000150100019223651
:86:I.V.A.
:61:2108030803D000000000004,50NCOM1080301119003702//1661
0000166100020223651
:86:OTRAS CUENTAS HSBC, MEX 10586
:61:2108030803D000000000000,72NMSCI GEN12108030000//1501
0000150100021223651
:86:I.V.A.
:62M:C210803MXN000000028851,32
:64:C210803MXN000000028851,32
-} 
{1:F01BIMEMXMMXXXX0000000000}{2:I940MIDLGB22XABCN}{4:
:20:EC2021080400216
:25:4053879706
:28C:00216/00004
:60M:C210803MXN000000028851,32
:61:2108030803D000000000004,50NCOM1080301119003702//1661
0000166100022223651
:86:OTRAS CUENTAS HSBC, MEX 10583
:61:2108030803D000000000000,72NMSCI GEN12108030000//1501
0000150100023223651
:86:I.V.A.
:61:2108030803D000000000008,00NCOM1080301115403720//1357
0000135700024223651
:86:00 COMISION SPEI 22592320210803HSBC22592
:61:2108030803D000000000001,28NMSCI GEN12108030000//1501
0000150100025223651
:86:I.V.A.
:61:2108030803D000000000008,00NCOM1080301115403720//1357
0000135700026223651
:86:00 COMISION SPEI 22592420210803HSBC22592
:61:2108030803D000000000001,28NMSCI GEN12108030000//1501
0000150100027223651
:86:I.V.A.
:61:2108030803D000000000008,00NCOM1080301115403720//1357
0000135700028223651
:86:00 COMISION SPEI 22592520210803HSBC22592
:62M:C210803MXN000000028819,54
:64:C210803MXN000000028819,54
-} 
{1:F01BIMEMXMMXXXX0000000000}{2:I940MIDLGB22XABCN}{4:
:20:EC2021080400216
:25:4053879706
:28C:00216/00005
:60M:C210803MXN000000028819,54
:61:2108030803D000000000001,28NMSCI GEN12108030000//1501
0000150100029223651
:86:I.V.A.
:61:2108030803D000000000008,00NCOM1080301115403720//1357
0000135700030223651
:86:00 COMISION SPEI 22592620210803HSBC22592
:61:2108030803D000000000001,28NMSCI GEN12108030000//1501
0000150100031223651
:86:I.V.A.
:61:2108030803D000000000008,00NCOM1080301115403720//1357
0000135700032223651
:86:00 COMISION SPEI 22592720210803HSBC22592
:61:2108030803D000000000001,28NMSCI GEN12108030000//1501
0000150100033223651
:86:I.V.A.
:61:2108030803D000000000008,00NCOM1080301115403720//1357
0000135700034223651
:86:00 COMISION SPEI 22592820210803HSBC22592
:61:2108030803D000000000001,28NMSCI GEN12108030000//1501
0000150100035223651
:86:I.V.A.
:62M:C210803MXN000000028790,42
:64:C210803MXN000000028790,42
-} 
{1:F01BIMEMXMMXXXX0000000000}{2:I940MIDLGB22XABCN}{4:
:20:EC2021080400216
:25:4053879706
:28C:00216/00006
:60M:C210803MXN000000028790,42
:61:2108030803D000000000008,00NCOM1080301115403720//1357
0000135700036223651
:86:00 COMISION SPEI 22592920210803HSBC22592
:61:2108030803D000000000001,28NMSCI GEN12108030000//1501
0000150100037223651
:86:I.V.A.
:61:2108030803D000000000008,00NCOM1080301115403720//1357
0000135700038223651
:86:00 COMISION SPEI 22593020210803HSBC22593
:61:2108030803D000000000001,28NMSCI GEN12108030000//1501
0000150100039223651
:86:I.V.A.
:61:2108030803D000000000008,00NCOM1080301115403720//1357
0000135700040223651
:86:00 COMISION SPEI 22593220210803HSBC22593
:61:2108030803D000000000001,28NMSCI GEN12108030000//1501
0000150100041223651
:86:I.V.A.
:61:2108030803D000000000008,00NCOM1080301115403720//1357
0000135700042223651
:86:00 COMISION SPEI 22593320210803HSBC22593
:62M:C210803MXN000000028754,58
:64:C210803MXN000000028754,58
-} 
{1:F01BIMEMXMMXXXX0000000000}{2:I940MIDLGB22XABCN}{4:
:20:EC2021080400216
:25:4053879706
:28C:00216/00007
:60M:C210803MXN000000028754,58
:61:2108030803D000000000001,28NMSCI GEN12108030000//1501
0000150100043223651
:86:I.V.A.
:61:2108030803D000000000008,00NCOM1080301115403720//1357
0000135700044223651
:86:00 COMISION SPEI 22593420210803HSBC22593
:61:2108030803D000000000001,28NMSCI GEN12108030000//1501
0000150100045223651
:86:I.V.A.
:62F:C210803MXN000000028744,02
:64:C210803MXN000000028744,02
:86:TAG86FORWHOLEMSG210803210803000AC000000028744,02
MXN000000000000,00N
000000000000,00000000000000,00
000000000000,00000000000000,00000000000000,00
000000000000,00000000000000,00000000000000,00000000000000,00
C210804000000028744,02C000000028744,02
-} 
